@Article{Q1,
author = {Demtroder},
title = {Physic for Dummies},
journal = {Dummies},
year = {9999},
}
@PhdThesis{Q2,
author = {Jesus},
title = {My Dad},
school = {Heaven},
year = {0034},
}
@MastersThesis{Q3,
author = {God},
title = {My Son},
school = {Heaven},
year = {0000},
}

